 @misc{ wiki:001,
   author = "Wikipedia",
   title = "Echtzeitsystem --- Wikipedia{,} Die freie Enzyklopädie",
   year = "2020",
   url = "\url{https://de.wikipedia.org/w/index.php?title=Echtzeitsystem&oldid=200724790}",
   note = "[Online; Stand 9. November 2020]"
 },
 @misc{ wiki:002,
   author = "Wikipedia",
   title = "FreeRTOS --- Wikipedia{,} Die freie Enzyklopädie",
   year = "2019",
   url = "\url{https://de.wikipedia.org/w/index.php?title=FreeRTOS&oldid=192678143}",
   note = "[Online; Stand 9. November 2020]"
 },
 @misc{ wiki:003,
   author = "Wikipedia",
   title = "Scheduling --- Wikipedia{,} Die freie Enzyklopädie",
   year = "2020",
   url = "\url{https://de.wikipedia.org/w/index.php?title=Scheduling&oldid=202856507}",
   note = "[Online; Stand 9. November 2020]"
 },
  @misc{ echtzeit-grundlagen,
   author = "Prof. Dr. Christian Siemers",
   title = "Echtzeit: Grundlagen von Echtzeitsystemen",
   year = "2017",
   url = "\url{https://www.embedded-software-engineering.de/echtzeit-grundlagen-von-echtzeitsystemen-a-669520/}",
   note = "[Online; Stand 9. November 2020]"
 },
  @misc{ freertos,
   title = "FreeRTOS",
   url = "\url{freertos.org}",
   note = "[Online; Stand 9. November 2020]"
 },
  @misc{ freertos-features,
   title = "FreeRTOS Features",
   url = "\url{freertos.org/features}",
   note = "[Online; Stand 9. November 2020]"
 },
@misc{ wiki:004,
   author = "Wikipedia",
   title = "Rate Monotonic Scheduling --- Wikipedia{,} Die freie Enzyklopädie",
   year = "2020",
   url = "https://de.wikipedia.org/w/index.php?title=Rate_Monotonic_Scheduling&oldid=196180419",
   note = "[Online; Stand 11. Januar 2021]"
 },
  @misc{ wiki:005,
   author = "Wikipedia",
   title = "Deadline Monotonic Scheduling --- Wikipedia{,} Die freie Enzyklopädie",
   year = "2019",
   url = "https://de.wikipedia.org/w/index.php?title=Deadline_Monotonic_Scheduling&oldid=189261800",
   note = "[Online; Stand 11. Januar 2021]"
 },
  @misc{ wiki:006,
  author = "{Wikipedia contributors}",
  title = "Earliest deadline first scheduling --- {Wikipedia}{,} The Free Encyclopedia",
  year = "2021",
  url = "https://en.wikipedia.org/w/index.php?title=Earliest_deadline_first_scheduling&oldid=999660324",
  note = "[Online; accessed 11-January-2021]"
  },
 @misc{ wiki:007,
   author = "Wikipedia",
   title = "Prozess-Scheduler --- Wikipedia{,} Die freie Enzyklopädie",
   year = "2020",
   url = "https://de.wikipedia.org/w/index.php?title=Prozess-Scheduler&oldid=205225114",
   note = "[Online; Stand 11. Januar 2021]"
 },
  @misc{ freertos-extensions,
   author = "FreeRTOS",
   title = "FreeRTOS Libraries",
   year = "2020",
   url = "https://www.freertos.org/FreeRTOS-Plus/index.html",
   note = "[Online; Stand 11. Januar 2021]"
 },
  @misc{ freertos-overhead,
   author = "FreeRTOS",
   title = "FreeRTOS Overhead",
   year = "2020",
   url = "https://www.freertos.org/FAQMem.html#ContextSwitchTime",
   note = "[Online; Stand 11. Januar 2021]"
 },
  @misc{ freertos-footprint,
   author = "FreeRTOS",
   title = "FreeRTOS Footprint",
   year = "2020",
   url = "https://www.freertos.org/RTOS.html",
   note = "[Online; Stand 11. Januar 2021]"
 },
  @misc{ freertos-task-states,
   author = "FreeRTOS",
   title = "FreeRTOS Task States",
   year = "2020",
   url = "https://www.freertos.org/RTOS-task-states.html",
   note = "[Online; Stand 11. Januar 2021]"
 },
 @misc{ wiki:008,
   author = "Wikipedia",
   title = "Interrupt --- Wikipedia{,} Die freie Enzyklopädie",
   year = "2021",
   url = "https://de.wikipedia.org/w/index.php?title=Interrupt&oldid=207161465",
   note = "[Online; Stand 11. Januar 2021]"
 },
 @misc{ freertos-scheduling-policy,
   author = "Microcontrollerslab",
   title = "FreeRTOS Scheduler: Learn to Configure Scheduling Algorithm",
   year = "2021",
   url = "https://microcontrollerslab.com/freertos-scheduler-learn-to-configure-scheduling-algorithm/#:~:text=FreeRTOS%20Scheduling%20Policy,-FreeRTOS%20kernel%20supports&text=In%20this%20algorithm%2C%20all%20equal,before%20a%20low%20priority%20task.",
   note = "[Online; Stand 11. Januar 2021]"
 },
 @misc{ wiki:009,
   author = "Wikipedia",
   title = "User Datagram Protocol --- Wikipedia{,} Die freie Enzyklopädie",
   year = "2020",
   url = "https://de.wikipedia.org/w/index.php?title=User_Datagram_Protocol&oldid=204278447",
   note = "[Online; Stand 12. Januar 2021]"
 },
 @misc{ fft:001,
   author = "TU-Chemnitz",
   title = "User Datagram Protocol --- Wikipedia{,} Die freie Enzyklopädie",
   year = "2020",
   url = "Die Fourier-Transformation",
   note = "[Online; Stand 12. Januar 2021]"
 },
 @misc{ wiki:010,
   author = "Wikipedia",
   title = "Schnelle Fourier-Transformation --- Wikipedia{,} Die freie Enzyklopädie",
   year = "2020",
   url = "https://de.wikipedia.org/w/index.php?title=Schnelle_Fourier-Transformation&oldid=201776759",
   note = "[Online; Stand 16. Januar 2021]"
 },
 @misc{ fft:010,
   author = "Wikipedia",
   title = "Schnelle Fourier-Transformation --- Wikipedia{,} Die freie Enzyklopädie",
   year = "2020",
   url = "https://de.wikipedia.org/w/index.php?title=Schnelle_Fourier-Transformation&oldid=201776759",
   note = "[Online; Stand 16. Januar 2021]"
 },
@BOOK{fft:002,
  AUTHOR       = "Martin Werner",
  TITLE        = "Digitale Signalverarbeitung mit MATLAB®",
  PUBLISHER    = "Springer Vieweg",
  YEAR         = "2012",
  NOTE         = "Grundkurs mit 16 ausführlichen Versuchen"
},
 @misc{ stm:001,
   title = "STM32F769I-Disc0",
   year = "2020",
   url = "https://www.digikey.de/product-detail/de/stmicroelectronics/STM32F769I-DISCO/497-16524-ND/6004739",
   note = "[Online; Stand 18. Januar 2021]"
 },

